@article{Ullrich_2020,
   title={On the worst-case error of least squares algorithms for \(L_2\)-approximation with high probability},
   volume={60},
   ISSN={0885-064X},
   url={http://dx.doi.org/10.1016/j.jco.2020.101484},
   DOI={10.1016/j.jco.2020.101484},
   journal={Journal of Complexity},
   publisher={Elsevier BV},
   author={Ullrich, Mario},
   year={2020},
   month=oct, pages={101484}
}

@article{Krieg_2020,
   title={Function Values Are Enough for \(L_2\)-Approximation},
   volume={21},
   ISSN={1615-3383},
   url={http://dx.doi.org/10.1007/s10208-020-09481-w},
   DOI={10.1007/s10208-020-09481-w},
   number={4},
   journal={Foundations of Computational Mathematics},
   publisher={Springer Science and Business Media LLC},
   author={Krieg, David and Ullrich, Mario},
   year={2020},
   month=dec, pages={1141–1151}
}

@book{Dung_Temlyakov_Ullrich_2018,
    place={Cham, Switzerland},
    title={Hyperbolic Cross approximation},
    publisher={Birkhäuser},
    author={Dũng, Dinh and Temlyakov, Vladimir and Ullrich, Tino},
    editor={Tikhonov, Sergey},
    year={2018}
}

@Article{Berut_2004,
  author    = {Berrut, Jean-Paul and Trefethen, Lloyd N},
  journal   = {SIAM review},
  title     = {Barycentric lagrange interpolation},
  year      = {2004},
  number    = {3},
  pages     = {501--517},
  volume    = {46},
  publisher = {SIAM},
}

@Comment{jabref-meta: databaseType:bibtex;}
